@book{AzureFundamentals,
	title={Microsoft Azure Essentials: Fundamentals of Azure},
	author={Collier, Michael and Shahan, Robin},
	isbn={9781509302963},
	publisher={Microsoft},
	year={2015}
}

@book{WindowsPowerShellUnleashed,
	title={Windows\textsuperscript{\textregistered} PowersShell{\texttrademark} Unleashed},
	author={Kopczynski, Tyson and Handley, Pete and Shaw, Marco},
	isbn={978-0-672-32988-3},
	year={2008},
	publisher={Sams}
}

@online{PowerShellGuidelines,
	author={MSDN},
	title={Cmdlet Development Guidelines},
	year=2012,
	url={https://msdn.microsoft.com/en-us/library/dd878270(v=vs.85).aspx},
	urldate={2018-02-20}
}